@article{ferrara,
author = {Ferrara, Pietro and Logozzo, Francesco and F\"{a}hndrich, Manuel},
title = {Safer Unsafe Code for .NET},
year = {2008},
issue_date = {September 2008},
publisher = {Association for Computing Machinery},
address = {New York, NY, USA},
volume = {43},
number = {10},
doi = {10.1145/1449955.1449791},

journal = {SIGPLAN Not.},
month = oct,
pages = {329â€“346},
numpages = {18},
}

@online{lisa,
    author = "{SSV @ Ca' Foscari}",
    title = "LiSA (Library for Static Analysis)",
    url  = "https://unive-ssv.github.io/lisa/",
}

@online{imp,
    author = "SSV @ Ca' Foscari",
    title = "The IMP Language",
    url  = "https://unive-ssv.github.io/lisa/imp/",
}

  